@misc{Nobody06,
	author =  "Nobody Jr",
	title = " My Article please actually change when I do this",
	year = "2006" 
}


@inproceedings{pease_computational_2011,
	title = {Computational {Creativity} {Theory}: {Inspirations} behind the {FACE} and the {IDEA} models.},
	shorttitle = {Computational {Creativity} {Theory}},
	booktitle = {{ICCC}},
	author = {Pease, Alison and Colton, Simon},
	year = {2011},
	pages = {72--77},
	file = {CCT1.pdf:C\:\\Users\\Marissa\\Zotero\\storage\\YMCYIVT2\\CCT1.pdf:application/pdf}
}

